<record><leader>00000cas a2200000 a 4500</leader><controlfield tag="001">8807771</controlfield><controlfield tag="008">820925d1828183uinuwr ne      0    0eng  </controlfield><datafield ind1=" " ind2=" " tag="010"><subfield code="a">sn 82015308 </subfield></datafield><datafield ind1=" " ind2=" " tag="040"><subfield code="a">DLC</subfield><subfield code="b">eng</subfield><subfield code="c">DLC</subfield><subfield code="d">NPI</subfield><subfield code="d">DLC</subfield><subfield code="d">NVF</subfield><subfield code="d">IUL</subfield><subfield code="d">OCLCQ</subfield><subfield code="d">OCLCF</subfield></datafield><datafield ind1="1" ind2=" " tag="029"><subfield code="a">AU@</subfield><subfield code="b">000020406789</subfield></datafield><datafield ind1=" " ind2=" " tag="042"><subfield code="a">pcc</subfield></datafield><datafield ind1=" " ind2=" " tag="043"><subfield code="a">n-us-in</subfield></datafield><datafield ind1="0" ind2="0" tag="050"><subfield code="a">Newspaper 7701-X</subfield></datafield><datafield ind1="0" ind2=" " tag="130"><subfield code="a">Republican statesman (Charlestown, Ind.)</subfield></datafield><datafield ind1="1" ind2="0" tag="245"><subfield code="a">Republican statesman.</subfield></datafield><datafield ind1=" " ind2=" " tag="260"><subfield code="a">Charlestown, Ind. :</subfield><subfield code="b">H. Collins</subfield></datafield><datafield ind1=" " ind2=" " tag="300"><subfield code="a">v.</subfield></datafield><datafield ind1=" " ind2=" " tag="310"><subfield code="a">Weekly</subfield></datafield><datafield ind1="1" ind2=" " tag="362"><subfield code="a">Began in 1828.</subfield></datafield><datafield ind1=" " ind2=" " tag="500"><subfield code="a">Established by A.F. Morrison.</subfield></datafield><datafield ind1=" " ind2=" " tag="500"><subfield code="a">"Democratic party organ" Cf. Miller, John W. Indiana newspaper bibliog.</subfield></datafield><datafield ind1=" " ind2=" " tag="580"><subfield code="a">Merged with: Clark County advertiser; to form: Statesman, and Clark County advertiser.</subfield></datafield><datafield ind1=" " ind2=" " tag="588"><subfield code="a">Description based on: Vol. 1, no. 27 (Mar. 21, 1829).</subfield></datafield><datafield ind1=" " ind2="0" tag="651"><subfield code="a">Charlestown (Ind.)</subfield><subfield code="v">Newspapers.</subfield></datafield><datafield ind1=" " ind2="0" tag="651"><subfield code="a">Clark County (Ind.)</subfield><subfield code="v">Newspapers.</subfield></datafield><datafield ind1=" " ind2="7" tag="655"><subfield code="a">Newspapers.</subfield><subfield code="2">fast</subfield><subfield code="0">(OCoLC)fst01423814</subfield></datafield><datafield ind1=" " ind2="7" tag="651"><subfield code="a">Indiana</subfield><subfield code="z">Charlestown.</subfield><subfield code="2">fast</subfield><subfield code="0">(OCoLC)fst01224949</subfield></datafield><datafield ind1=" " ind2="7" tag="651"><subfield code="a">Indiana</subfield><subfield code="z">Clark County.</subfield><subfield code="2">fast</subfield><subfield code="0">(OCoLC)fst01205463</subfield></datafield><datafield ind1=" " ind2=" " tag="752"><subfield code="a">United States</subfield><subfield code="b">Indiana</subfield><subfield code="c">Clark</subfield><subfield code="d">Charlestown.</subfield></datafield><datafield ind1="1" ind2="7" tag="785"><subfield code="t">Clark County advertiser</subfield></datafield><datafield ind1="1" ind2="7" tag="785"><subfield code="t">Statesman, and Clark County advertiser</subfield><subfield code="w">(DLC)sn2003061927</subfield><subfield code="w">(OCoLC)52847997</subfield></datafield></record>